<?xml version="1.0" encoding="UTF-8"?><collection xmlns="http://www.loc.gov/MARC21/slim"><record><leader>00357nam--2200133-i-4500</leader><controlfield tag="001">000024466</controlfield><controlfield tag="002">20161230</controlfield><controlfield tag="005">20161230201035</controlfield><controlfield tag="008">060222s1000------------r-----000-0-eng-d</controlfield><datafield ind1=" " ind2=" " tag="080"><subfield code="a">621.37.029.6</subfield></datafield><datafield ind1=" " ind2=" " tag="100"><subfield code="a">Ghose, Rabindra N</subfield></datafield><datafield ind1=" " ind2=" " tag="245"><subfield code="a">Microwave circuit theory and analysis</subfield></datafield><datafield ind1=" " ind2=" " tag="260"><subfield code="a">New-york, Mcgraw-hill Book Comp.Inc., 1963, Xii+418p</subfield></datafield><datafield ind1=" " ind2=" " tag="852"><subfield code="a">77450</subfield></datafield></record></collection>